%
% Scopus + РИНЦ статьи автора.
%
% Дополнительно, не попало, тезисы докладов:
%  - Петров О.Е. Использование вычислительных графов в задачах распознавания речи // Сборник тезисов
%    докладов конгресса молодых ученых. Электронное издание [Электронный ресурс]. -- СПб: Университет ИТМО,
%    2018. -- Режим доступа: http://openbooks.ifmo.ru/ru/file/7844/7844.pdf, своб. -- 2018.
%  - Петров О.Е., Кабаров В.И. Использование индексированного поиска по аудиоданным в задачах речевой
%    аналитики // Сборник тезисов докладов IX конгресса молодых ученых. Электронное издание. -- [2020,
%    электронный ресурс]. -- Режим доступа: https://kmu.itmo.ru/file/download/application/16229, своб. -- 2020.
%
% Участие в грантах:
%  - 718574, «Методы, модели и технологии искусственного интеллекта в биоинформатике, социальных медиа,
%    киберфизических, биометрических и речевых системах», руководитель Ульянцев Владимир Игоревич, даты
%    проведения: 01.01.2018 -- 31.12.2020.
%  - 617040, «Синтез эмоциональной речи на основе глубокого машинного обучения», руководитель Калиев Арман,
%    даты проведения: 13.11.2017 -- 31.08.2018.
%
% ToDo: добавить участие в конференциях.
%

%
% Scopus:
%  \nocite{scopus_rvect}
%  \nocite{scopus_voices}
%  \nocite{scopus_arch}
%

@inproceedings{scopus_rvect,
  author =        {Yuri Khokhlov and Alexander Zatvornitskiy and Ivan Medennikov and Ivan Sorokin and Tatiana Prisyach and Aleksei Romanenko and Anton Mitrofanov and Vladimir Bataev and Andrei Andrusenko and Mariya Korenevskaya and Oleg Petrov},
  title =         {R-Vectors: New Technique for Adaptation to Room Acoustics},
  year =          {2019},
  booktitle =     {Proc. Interspeech 2019},
  pages =         {1243--1247},
  doi =           {10.21437/Interspeech.2019-2645},
  language =      {english},
  authorscopus =  {true}
}

@inproceedings{scopus_voices,
  author =        {Ivan Medennikov and Yuri Khokhlov and Aleksei Romanenko and Ivan Sorokin and Anton Mitrofanov and Vladimir Bataev and Andrei Andrusenko and Tatiana Prisyach and Mariya Korenevskaya and Oleg Petrov and Alexander Zatvornitskiy},
  title =         {The STC ASR System for the VOiCES from a Distance Challenge 2019},
  year =          {2019},
  booktitle =     {Proc. Interspeech 2019},
  pages =         {2453--2457},
  doi =           {10.21437/Interspeech.2019-1574},
  language =      {english},
  authorscopus =  {true}
}

% ToDo: Поправить вместе с публикацией.
@inproceedings{scopus_arch,
  author =        {Oleg Petrov},
  title =         {The Architecture of a System for Full-text Search by Speech Data based on a Global Search Index},
  year =          {2021},
  booktitle =     {Scientific and Technical Journal of Information Technologies, Mechanics and Optics},
  language =      {english},
  authorscopus =  {true}
}

%
% РИНЦ:
%  \nocite{rinz_globalindex}
%  \nocite{rinz_asrgpu}
%  \nocite{rinz_asrflow}
%  \nocite{rinz_vectsearch}
%  \nocite{rinz_sasearch}
%

@ARTICLE{rinz_globalindex,
  author =        {Черных, И. А. and Петров, О. Е. and Кабаров, В. И.},
  title =         {Построение глобального обратного поискового индекса по массиву речевых данных},
  journal =       {Сборник трудов VI Всероссийского конгресса молодых ученых (Санкт-Петербург, 2017~г.)},
  year =          {2017},
  pages =         {255--261},
  language =      {russian},
  authorother =   {true},
  authorconf =    {true}
}

@ARTICLE{rinz_asrgpu,
  author =        {Петров, О. Е.},
  title =         {Использование графических процессоров для ускорения декодирования в задачах распознавания речи},
  journal =       {Сборник трудов VII конгресса молодых ученых (Санкт-Петербург, 17--20~апреля 2018~г.)},
  year =          {2018},
  volume =        {2},
  pages =         {70--72},
  language =      {russian},
  authorother =   {true},
  authorconf =    {true}
}

@ARTICLE{rinz_asrflow,
  author =        {Петров, О. Е.},
  title =         {Использование вычислительных графов в задачах распознавания речи},
  journal =       {Альманах научных работ молодых ученых Университета ИТМО},
  year =          {2018},
  volume =        {2},
  pages =         {224--226},
  language =      {russian},
  authorother =   {true},
  authorconf =    {true}
}

@ARTICLE{rinz_vectsearch,
  author =        {Петров, О. Е. and Кабаров, В. И.},
  title =         {Использование векторных пространств для реализации текстового поиска по большим объемам медиа данных},
  journal =       {Альманах научных работ молодых ученых Университета ИТМО},
  year =          {2020},
  volume =        {3},
  pages =         {139--143},
  language =      {russian},
  authorother =   {true},
  authorconf =    {true}
}

@ARTICLE{rinz_sasearch,
  author =        {Петров, О. Е. and Кабаров, В. И.},
  title =         {Использование индексированного поиска по аудиоданным в задачах речевой аналитики},
  journal =       {Сборник трудов IX конгресса молодых ученых (Санкт-Петербург, 15--18 апреля 2020~г.)},
  year =          {2021},
  volume =        {1},
  pages =         {262--264},
  language =      {russian},
  authorother =   {true},
  authorconf =    {true}
}
