@article{InvertedFiles,
    title = {Inverted files for text search engines},
    author = {Zobel, Justin and Moffat, Alistair},
    journal = {ACM computing surveys (CSUR)},
    volume = {38},
    number = {2},
    pages = {6--es},
    year = {2006}
}

@article{MohriWfstAsr,
    title = {Weighted finite-state transducers in speech recognition},
    author = {Mohri, Mehryar and Pereira, Fernando and Riley, Michael},
    journal = {Computer Speech \& Language},
    volume = {16},
    number = {1},
    pages = {69--88},
    year = {2002},
    publisher = {Elsevier}
}

@article{WfstDecAnatomy,
    title = {Anatomy of an extremely fast LVCSR decoder},
    author = {Saon, George and Povey, Daniel and Zweig, Geoffrey},
    booktitle = {Proc. Interspeech 2005},
    year = {2005},
    pages = {549--552},
    doi = {10.21437/Interspeech.2005-338}
}

@article{ConfNetConsensus,
    title={Finding consensus in speech recognition: word error minimization and other applications of confusion networks},
    author={Mangu, Lidia and Brill, Eric and Stolcke, Andreas},
    journal={Computer Speech \& Language},
    volume={14},
    number={4},
    pages={373--400},
    year={2000},
    publisher={Elsevier}
}

@article{ManguConfNetIndex,
    title={Efficient spoken term detection using confusion networks},
    author={Mangu, Lidia and Kingsbury, Brian and Soltau, Hagen and Kuo, Hong-Kwang and Picheny, Michael},
    booktitle={2014 IEEE International Conference on Acoustics, Speech and Signal Processing (ICASSP)},
    pages={7844--7848},
    year={2014},
    organization={IEEE}
}

@article{Pan2007analytical,
    title = {Analytical comparison between position specific posterior lattices and confusion networks based on words and subword units for spoken document indexing},
    author = {Pan, Yi-Cheng and Chang, Hung-lin and Lee, Lin-shan},
    booktitle = {2007 IEEE Workshop on Automatic Speech Recognition \& Understanding (ASRU)},
    pages = {677--682},
    year = {2007},
    organization = {IEEE}
}
