%
% Свидетельства о государственной регистрации программ для ЭВМ.
%  \nocite{prog_textclass}
%  \nocite{prog_search}
%

@Patent{prog_textclass,
  heading =       {Свидетельство о гос. регистрации программы для {ЭВМ}},
  author =        {Яковлев, А. В. and Менделев, В. С. and Петров, О. Е. and Щемелинин, В. Л.},
  title =         {Система тематического рубрицирования},
  media =         {text},
  holder =        {ЦРТ-инновации},
  reqnumber =     2018617249,
  date =          {2020-01-01},
  prcountry =     {countryru},
  language =      {russian},
  authorprogram = {yes}
}

@Patent{prog_search,
  heading =       {Свидетельство о гос. регистрации программы для {ЭВМ}},
  author =        {Петров, О. Е. and Хохлов, Ю. Ю.},
  title =         {Программа реализации алгоритмов построения глобального поискового индекса по массиву речевых данных (SpeechSearchIndex)},
  media =         {text},
  holder =        {Университет ИТМО},
  reqnumber =     2016662125,
  date =          {2016-11-20},
  prcountry =     {countryru},
  language =      {russian},
  authorprogram = {yes}
}
